@inproceedings{Barnat2009.MAP,
  author    = {Barnat, Jiří and Brim, Luboš and Češka, Milan and Lamr, Tomáš},
  title     = {CUDA Accelerated LTL Model Checking},
  booktitle = {2009 15th International Conference on Parallel and Distributed Systems},
  year      = {2009},
  month     = {Dec},
  pages     = {34-41},
  issn      = {1521-9097},
  doi       = {10.1109/ICPADS.2009.50}
}

@inproceedings{Bartocci2014.GPGPU-Parallel-SPIN,
  author    = {Bartocci, Ezio and DeFrancisco, Richard and Smolka, Scott A.},
  title     = {Towards a GPGPU-Parallel SPIN Model Checker},
  year      = {2014},
  isbn      = {9781450324526},
  publisher = {Association for Computing Machinery},
  address   = {New York, NY, USA},
  doi       = {10.1145/2632362.2632379},
  booktitle = {Proceedings of the 2014 International SPIN Symposium on Model Checking of Software},
  pages     = {87–96},
  numpages  = {10},
  keywords  = {State Space Exploration, CUDA, Multicore, GPGPU, SPIN, Model Checking},
  location  = {San Jose, CA, USA},
  series    = {SPIN 2014}
}

@inproceedings{Cho2018.FPGASwarm,
  author    = {Cho, Shenghsun and Ferdman, Michael and Milder, Peter},
  title     = {FPGASwarm: High Throughput Model Checking on FPGAs},
  booktitle = {2018 28th International Conference on Field Programmable Logic and Applications (FPL)},
  series    = {2018 28th International Conference on Field Programmable Logic and Applications (FPL)},
  year      = {2018},
  pages     = {435-4357},
  issn      = {1946-1488},
  doi       = {10.1109/FPL.2018.00080}
}

@inbook{Clarke2018.Introduction-to-Model-Checking,
  author    = {Clarke, Edmund M. and Henzinger, Thomas A. and Veith, Helmut},
  editor    = {Clarke, Edmund M. and Henzinger, Thomas A. and Veith, Helmut and Bloem, Roderick},
  title     = {Introduction to Model Checking},
  booktitle = {Handbook of Model Checking},
  year      = {2018},
  publisher = {Springer International Publishing},
  address   = {Cham},
  pages     = {1--26},
  isbn      = {978-3-319-10575-8},
  doi       = {10.1007/978-3-319-10575-8_1}
}

@article{DeFrancisco2020.Grapple,
  author  = {DeFrancisco, Richard and Cho, Shenghsun and Ferdman, Michael and Smolka, Scott A.},
  title   = {Swarm model checking on the GPU},
  journal = {International Journal on Software Tools for Technology Transfer},
  year    = {2020},
  month   = {Oct},
  day     = {01},
  volume  = {22},
  number  = {5},
  pages   = {583-599},
  issn    = {1433-2787},
  doi     = {10.1007/s10009-020-00576-x}
}

@inproceedings{Holzmann2008.Swarm-Verification,
  author    = {Holzmann, Gerard J. and Joshi, Rajeev and Groce, Alex},
  title     = {Swarm Verification},
  booktitle = {2008 23rd IEEE/ACM International Conference on Automated Software Engineering},
  series    = {2008 23rd IEEE/ACM International Conference on Automated Software Engineering},
  year      = {2008},
  pages     = {1-6},
  issn      = {1938-4300},
  doi       = {10.1109/ASE.2008.9}
}

@article{Holzmann2011.Swarm-Verification-Techniques,
  author  = {Holzmann, Gerard J. and Joshi, Rajeev and Groce, Alex},
  title   = {Swarm Verification Techniques},
  journal = {IEEE Transactions on Software Engineering},
  year    = {2011},
  volume  = {37},
  number  = {6},
  pages   = {845-857},
  issn    = {1939-3520},
  doi     = {10.1109/TSE.2010.110}
}

@inbook{Holzmann2018.Explicit-State-Model-Checking,
  author    = {Holzmann, Gerard J.},
  editor    = {Clarke, Edmund M. and Henzinger, Thomas A. and Veith, Helmut and Bloem, Roderick},
  title     = {Explicit-State Model Checking},
  booktitle = {Handbook of Model Checking},
  year      = {2018},
  publisher = {Springer International Publishing},
  address   = {Cham},
  pages     = {153--171},
  isbn      = {978-3-319-10575-8},
  doi       = {10.1007/978-3-319-10575-8_5}
}

@inproceedings{Holzmann2012.Paralellizing-SPIN,
  author    = {Holzmann, Gerard J.},
  editor    = {Donaldson, Alastair and Parker, David},
  title     = {Parallelizing the Spin Model Checker},
  booktitle = {Model Checking Software},
  year      = {2012},
  publisher = {Springer Berlin Heidelberg},
  address   = {Berlin, Heidelberg},
  pages     = {155--171},
  isbn      = {978-3-642-31759-0},
  doi       = {10.1007/978-3-642-31759-0_12}
}

@online{CUDA-CPP-Programming-Guide,
  title = {CUDA C++ Programming Guide},
  url   = {https://docs.nvidia.com/cuda/cuda-c-programming-guide/index.html}
}

@online{Numba-CUDA-Guide,
  title = {Numba for CUDA GPUs},
  url   = {https://numba.readthedocs.io/en/0.53.1/cuda/}
}

@online{Jenkins.Hash,
  title  = {A Hash Function for Hash Table Lookup},
  author = {Jenkins, Bob},
  url    = {https://burtleburtle.net/bob/hash/doobs.html}
}
