@article{DeFrancisco2020.Grapple,
  author  = {DeFrancisco, Richard and Cho, Shenghsun and Ferdman, Michael and Smolka, Scott A.},
  title   = {Swarm model checking on the GPU},
  journal = {International Journal on Software Tools for Technology Transfer},
  year    = {2020},
  month   = {Oct},
  day     = {01},
  volume  = {22},
  number  = {5},
  pages   = {583-599},
  issn    = {1433-2787},
  doi     = {10.1007/s10009-020-00576-x}
}
